<?xml version="1.0" encoding="UTF-8"?><collection xmlns="http://www.loc.gov/MARC21/slim"><record><leader>00410nam--2200109-i-4500</leader><controlfield tag="001">000018446</controlfield><controlfield tag="002">20161230</controlfield><controlfield tag="005">20161230201032</controlfield><controlfield tag="008">060222s1000------------r-----000-0-eng-d</controlfield><datafield ind1=" " ind2=" " tag="245"><subfield code="a">Construction des laboratoires de recherche industriels (conception-realisation- amenagements).rapport des travaux de la commission no.23.texte prepare par feral x. /s.a.</subfield></datafield><datafield ind1=" " ind2=" " tag="260"><subfield code="a">Paris, Editions Eyrolles, 1959. 59 P</subfield></datafield><datafield ind1=" " ind2=" " tag="852"><subfield code="a">15979</subfield></datafield></record></collection>